<record><leader>00000cas a22000007a 4500</leader><controlfield tag="001">17536846</controlfield><controlfield tag="008">880225c19719999ohuwr ne      0    0eng d</controlfield><datafield ind1=" " ind2=" " tag="010"><subfield code="a">sn 88077147 </subfield></datafield><datafield ind1=" " ind2=" " tag="040"><subfield code="a">ONP</subfield><subfield code="b">eng</subfield><subfield code="c">ONP</subfield><subfield code="d">OCLCQ</subfield></datafield><datafield ind1=" " ind2=" " tag="042"><subfield code="a">msc</subfield></datafield><datafield ind1="0" ind2="4" tag="245"><subfield code="a">The Germantown press booster.</subfield></datafield><datafield ind1=" " ind2=" " tag="260"><subfield code="a">Germantown, O. [Ohio] :</subfield><subfield code="b">Bill &amp; Erma Grisinger,</subfield><subfield code="c">1971-</subfield></datafield><datafield ind1=" " ind2=" " tag="310"><subfield code="a">Weekly</subfield></datafield><datafield ind1="1" ind2=" " tag="362"><subfield code="a">Vol. 14, no. 32 (Sept. 15, 1971)-</subfield></datafield><datafield ind1=" " ind2=" " tag="580"><subfield code="a">Advertising supplement to: Germantown press (Germantown, Ohio).</subfield></datafield><datafield ind1=" " ind2=" " tag="752"><subfield code="a">United States</subfield><subfield code="b">Ohio</subfield><subfield code="c">Montgomery</subfield><subfield code="d">Germantown.</subfield></datafield><datafield ind1="0" ind2="0" tag="780"><subfield code="t">Booster (Germantown, Ohio)</subfield><subfield code="w">(DLC)sn 88077146</subfield></datafield><datafield ind1="1" ind2=" " tag="787"><subfield code="t">Germantown press (Germantown, Ohio)</subfield><subfield code="w">(DLC)sn 88077149</subfield></datafield></record>